
@book{canelón2021,
	title = {Revealing Room for Improvement in Accessibility within a Social Media Data Visualization Learning Community},
	author = {{Canelón}, Silvia and Hare, Elizabeth},
	year = {2021},
	month = {05},
	date = {2021-05-07},
	publisher = {Zenodo},
	doi = {10.5281/ZENODO.4743240},
	url = {https://zenodo.org/record/4743240},
	langid = {en}
}
